@INPROCEEDINGS{las-2021-gas,
  author={Laszewski, Gregor von and Orlowski, Anthony and Otten, Richard H. and Markowitz, Reilly and Gandhi, Sunny and Chai, Adam and Fox, Geoffrey C. and Chang, Wo L.},
  booktitle={2021 IEEE 45th Annual Computers, Software, and Applications Conference (COMPSAC)}, 
  title={Using Cloudmesh GAS for Speedy Generation of Hybrid Multi-Cloud Auto Generated AI Services}, 
  year={2021},
  pages={144-155},
  doi={10.1109/COMPSAC51774.2021.00032},
  url = {https://laszewski.github.io/papers/vonLaszewski-openapi.pdf}
}
@misc{github-cloudmesh-catalogue,
author={{Cloudmesh}},
title={Catalogue and Registry},
url={https://github.com/cloudmesh/cloudmesh-catalog},
}